@article{emmanuel2021survey,
  title={A survey on missing data in machine learning},
  author={Emmanuel, Tlamelo and Maupong, Thabiso and Mpoeleng, Dimane and Semong, Thabo and Mphago, Banyatsang and Tabona, Oteng},
  journal={Journal of Big data},
  volume={8},
  pages={1--37},
  year={2021},
  publisher={Springer}
}

@misc{zhao2023survey,
      title={A Survey of Large Language Models}, 
      author={Wayne Xin Zhao and Kun Zhou and Junyi Li and Tianyi Tang and Xiaolei Wang and Yupeng Hou and Yingqian Min and Beichen Zhang and Junjie Zhang and Zican Dong and Yifan Du and Chen Yang and Yushuo Chen and Zhipeng Chen and Jinhao Jiang and Ruiyang Ren and Yifan Li and Xinyu Tang and Zikang Liu and Peiyu Liu and Jian-Yun Nie and Ji-Rong Wen},
      year={2023},
      eprint={2303.18223},
      archivePrefix={arXiv},
      primaryClass={cs.CL}
}

@article{poldrack2023ai,
  title={AI-assisted coding: Experiments with GPT-4},
  author={Poldrack, Russell A and Lu, Thomas and Begu{\v{s}}, Ga{\v{s}}per},
  journal={arXiv preprint arXiv:2304.13187},
  year={2023}
}

@misc{wei2023chainofthought,
      title={Chain-of-Thought Prompting Elicits Reasoning in Large Language Models}, 
      author={Jason Wei and Xuezhi Wang and Dale Schuurmans and Maarten Bosma and Brian Ichter and Fei Xia and Ed Chi and Quoc Le and Denny Zhou},
      year={2023},
      eprint={2201.11903},
      archivePrefix={arXiv},
      primaryClass={cs.CL}
}

@inproceedings{sui2024table,
  title={Table meets llm: Can large language models understand structured table data? a benchmark and empirical study},
  author={Sui, Yuan and Zhou, Mengyu and Zhou, Mingjie and Han, Shi and Zhang, Dongmei},
  booktitle={Proceedings of the 17th ACM International Conference on Web Search and Data Mining},
  pages={645--654},
  year={2024}
}

@article{achiam2023gpt,
  title={Gpt-4 technical report},
  author={Achiam, Josh and Adler, Steven and Agarwal, Sandhini and Ahmad, Lama and Akkaya, Ilge and Aleman, Florencia Leoni and Almeida, Diogo and Altenschmidt, Janko and Altman, Sam and Anadkat, Shyamal and others},
  journal={arXiv preprint arXiv:2303.08774},
  year={2023}
}

@article{tsai2018class,
  title={A class center based approach for missing value imputation},
  author={Tsai, Chih-Fong and Li, Miao-Ling and Lin, Wei-Chao},
  journal={Knowledge-Based Systems},
  volume={151},
  pages={124--135},
  year={2018},
  publisher={Elsevier}
}

@article{stekhoven2012missforest,
  title={MissForestâ€”non-parametric missing value imputation for mixed-type data},
  author={Stekhoven, Daniel J and B{\"u}hlmann, Peter},
  journal={Bioinformatics},
  volume={28},
  number={1},
  pages={112--118},
  year={2012},
  publisher={Oxford University Press}
}

@INPROCEEDINGS{7157837,
  author={Shin-Fu Wu and Chia-Yung Chang and Shie-Jue Lee},
  booktitle={2015 1st International Conference on Industrial Networks and Intelligent Systems (INISCom)}, 
  title={Time series forecasting with missing values}, 
  year={2015},
  volume={},
  number={},
  pages={151-156},
  keywords={Linear systems;Time series prediction;missing values;local time index;least squares support vector machine (LSSVM)},
  doi={10.4108/icst.iniscom.2015.258269}}

@inproceedings{tao2004reverse,
  title={Reverse knn search in arbitrary dimensionality},
  author={Tao, Yufei and Papadias, Dimitris and Lian, Xiang},
  booktitle={Proceedings of the Very Large Data Bases Conference (VLDB), Toronto},
  year={2004}
}

@INPROCEEDINGS{5972466,
  author={Sridevi, S. and Rajaram, S. and Parthiban, C. and SibiArasan, S. and Swadhikar, C.},
  booktitle={2011 International Conference on Recent Trends in Information Technology (ICRTIT)}, 
  title={Imputation for the analysis of missing values and prediction of time series data}, 
  year={2011},
  volume={},
  number={},
  pages={1158-1163},
  keywords={Time series analysis;Data mining;Estimation;Prediction algorithms;Databases;Predictive models;Algorithm design and analysis;Temporal Databases;Auto-Regressive (AR) model;Prediction;time series analysis},
  doi={10.1109/ICRTIT.2011.5972466}}

  @article{narayan2022can,
  title={Can Foundation Models Wrangle Your Data?},
  author={Narayan, Avanika and Chami, Ines and Orr, Laurel and R{\'e}, Christopher},
  journal={Proceedings of the VLDB Endowment},
  volume={16},
  number={4},
  pages={738--746},
  year={2022},
  publisher={VLDB Endowment}
}


@article{razavi2020similarity,
  title={Similarity-learning information-fusion schemes for missing data imputation},
  author={Razavi-Far, Roozbeh and Cheng, Boyuan and Saif, Mehrdad and Ahmadi, Majid},
  journal={Knowledge-Based Systems},
  volume={187},
  pages={104805},
  year={2020},
  publisher={Elsevier}
}

@article{silva2021co,
  title={Co-active neuro-fuzzy inference system model as single imputation approach for non-monotone pattern of missing data},
  author={Silva-Ram{\'\i}rez, Esther-Lydia and Cabrera-S{\'a}nchez, Juan-Francisco},
  journal={Neural Computing and Applications},
  volume={33},
  number={15},
  pages={8981--9004},
  year={2021},
  publisher={Springer}
}

@article{carpenter1991fuzzy,
  title={Fuzzy ART: Fast stable learning and categorization of analog patterns by an adaptive resonance system},
  author={Carpenter, Gail A and Grossberg, Stephen and Rosen, David B},
  journal={Neural networks},
  volume={4},
  number={6},
  pages={759--771},
  year={1991},
  publisher={Elsevier}
}

@article{tfwala2013prediction,
  title={Prediction of missing flow records using multilayer perceptron and coactive neurofuzzy inference system},
  author={Tfwala, Samkele S and Wang, Yu-Min and Lin, Yu-Chieh and others},
  journal={The Scientific World Journal},
  volume={2013},
  year={2013},
  publisher={Hindawi}
}

@article{zheng2022diffusion,
  title={Diffusion models for missing value imputation in tabular data},
  author={Zheng, Shuhan and Charoenphakdee, Nontawat},
  journal={arXiv preprint arXiv:2210.17128},
  year={2022}
}

@article{tashiro2021csdi,
  title={Csdi: Conditional score-based diffusion models for probabilistic time series imputation},
  author={Tashiro, Yusuke and Song, Jiaming and Song, Yang and Ermon, Stefano},
  journal={Advances in Neural Information Processing Systems},
  volume={34},
  pages={24804--24816},
  year={2021}
}

@inproceedings{gondara2018mida,
  title={Mida: Multiple imputation using denoising autoencoders},
  author={Gondara, Lovedeep and Wang, Ke},
  booktitle={Advances in Knowledge Discovery and Data Mining: 22nd Pacific-Asia Conference, PAKDD 2018, Melbourne, VIC, Australia, June 3-6, 2018, Proceedings, Part III 22},
  pages={260--272},
  year={2018},
  organization={Springer}
}

@article{razniewski2021language,
  title={Language models as or for knowledge bases},
  author={Razniewski, Simon and Yates, Andrew and Kassner, Nora and Weikum, Gerhard},
  journal={arXiv preprint arXiv:2110.04888},
  year={2021}
}

@book{little2019statistical,
  title={Statistical Analysis with Missing Data},
  author={Little, R.J.A. and Rubin, D.B.},
  isbn={9780470526798},
  lccn={2018058860},
  series={Wiley Series in Probability and Statistics},
  url={https://books.google.com/books?id=BemMDwAAQBAJ},
  year={2019},
  publisher={Wiley}
}

@article{andridge2010review,
  title={A review of hot deck imputation for survey non-response},
  author={Andridge, Rebecca R and Little, Roderick JA},
  journal={International statistical review},
  volume={78},
  number={1},
  pages={40--64},
  year={2010},
  publisher={Wiley Online Library}
}

@article{van2011mice,
  title={mice: Multivariate imputation by chained equations in R},
  author={Van Buuren, Stef and Groothuis-Oudshoorn, Karin},
  journal={Journal of statistical software},
  volume={45},
  pages={1--67},
  year={2011}
}

@article{scikit-learn,
  title={Scikit-learn: Machine Learning in {P}ython},
  author={Pedregosa, F. and Varoquaux, G. and Gramfort, A. and Michel, V.
          and Thirion, B. and Grisel, O. and Blondel, M. and Prettenhofer, P.
          and Weiss, R. and Dubourg, V. and Vanderplas, J. and Passos, A. and
          Cournapeau, D. and Brucher, M. and Perrot, M. and Duchesnay, E.},
  journal={Journal of Machine Learning Research},
  volume={12},
  pages={2825--2830},
  year={2011}
}

@article{zhou2023instruction,
  title={Instruction-following evaluation for large language models},
  author={Zhou, Jeffrey and Lu, Tianjian and Mishra, Swaroop and Brahma, Siddhartha and Basu, Sujoy and Luan, Yi and Zhou, Denny and Hou, Le},
  journal={arXiv preprint arXiv:2311.07911},
  year={2023}
}

@article{li2023table,
  title={Table-gpt: Table-tuned gpt for diverse table tasks},
  author={Li, Peng and He, Yeye and Yashar, Dror and Cui, Weiwei and Ge, Song and Zhang, Haidong and Fainman, Danielle Rifinski and Zhang, Dongmei and Chaudhuri, Surajit},
  journal={arXiv preprint arXiv:2310.09263},
  year={2023}
}


@misc{zha2023tablegpt,
  title={TableGPT: Towards Unifying Tables, Nature Language and Commands into One GPT}, 
  author={Liangyu Zha and Junlin Zhou and Liyao Li and Rui Wang and Qingyi Huang and Saisai Yang and Jing Yuan and Changbao Su and Xiang Li and Aofeng Su and Tao Zhang and Chen Zhou and Kaizhe Shou and Miao Wang and Wufang Zhu and Guoshan Lu and Chao Ye and Yali Ye and Wentao Ye and Yiming Zhang and Xinglong Deng and Jie Xu and Haobo Wang and Gang Chen and Junbo Zhao},
  year={2023},
  eprint={2307.08674},
  archivePrefix={arXiv},
  primaryClass={cs.AI}
}

@inproceedings{wu2023autogen,
      title={AutoGen: Enabling Next-Gen LLM Applications via Multi-Agent Conversation Framework},
      author={Qingyun Wu and Gagan Bansal and Jieyu Zhang and Yiran Wu and Beibin Li and Erkang Zhu and Li Jiang and Xiaoyun Zhang and Shaokun Zhang and Jiale Liu and Ahmed Hassan Awadallah and Ryen W White and Doug Burger and Chi Wang},
      year={2023},
      eprint={2308.08155},
      archivePrefix={arXiv},
      primaryClass={cs.AI}
}